@book{olshansky,
  title={Психология масс},
  author={Ольшанский, Дмитрий Вадимович},
  series={Мастера психологии},
publisher={Питер},
  location={СПб},
  pagetotal={368},
  year={2002},
  language = {russian}
}

@book{book:florensky1,
title={Сочинения в четырех томах},
author={Флоренский, П.А.},
volume={3},
part={1},
lccn={96212730},
series={Философское наследие},
year={1999},
pages = {141-211},
publisher={Мысль},
language = {russian},
location = {M.}
}

@book{book:florensky2,
title={Сочинения в четырех томах},
author={Флоренский, П.А.},
volume={3},
part={1},
lccn={96212730},
series={Философское наследие},
year={1999},
page = {221},
publisher={Мысль},
language = {russian},
location = {M.}
}

@book{book:bodriyar,
  title      = {В тени молчаливого большинства, или  Конец  социального},
  author     = {Бодрийяр, Ж.},
  year       = {2000},
  publisher  = {Издательство Уральского университета},
  language = {russian}
}

@article{oxford_dictionary,
  title={JA Simpson and ESC Weiner},
  author={Dictionary, Oxford English},
  journal={Oxford},
  year={1989},
  language = {english}
}

@article{society,
  title        = {Общество},
  url          = {http://www.onlinedics.ru/slovar/soc/o/obschestvo.html},
  urldate      = {19.01.2013},
  language     = {russian},
  media = {eresource}
}

@online{online:kulturolog,
    url = {http://www.kailib.ru/lek/kultrolog/117-20},
    title = {ЛЕКЦИЯ № 20. Ментальность как тип культуры. Смысл ментальности},
    urldate = {20-01-2013},
    language = {russian},
    media = {eresource}
}

@article {english_aristocracy,
  author = {GREEN, JUDITH A.},
  title = {The English Aristocracy 1070–1272: A Social Transformation – By David Crouch},
  journal = {History},
  volume = {97},
  number = {326},
  publisher = {Blackwell Publishing Ltd},
  issn = {1468-229X},
  pages = {304--306},
  year = {2012},
  language = {english}
}

@article{collins,
  title={Collins english dictionary},
  author={Dictionary, Collins English},
  journal={Retrieved February},
  volume={10},
  pagetotal={2007},
  year={2000},
  language = {english}
}

@article{merriam,
  title={Merriam-Webster},
  author={Dictionary, Merriam Webster’s Collegiate},
  journal={Incorporated, 10th edition edition},
  year={1996},
  language = {english}
}

@book{book:febvre,
  title={Бои за историю},
  author={Февр, Люсьен},
  series={Памятники исторической мысли},
  year={1991},
  publisher={Наука},
  pagetotal = {632},
  language = {russian}
}

@book{book:davydov,
  title={Бегство от свободы},
  author={Фромм, Эрих},
  translator={Г. Швейника and Г. Новичковой},
  year={2007},
  pagetotal={256},
  publisher={Академический Проект},
  language = {russian}
}

@book{book:arch,
 title={Археология знания},
  author={Фуко, Мишель},
  translator={М. Раковой and А. Серебрянниковой},
  year={2012},
  pagetotal={416},
  series={Ars Pura. Французская коллекция},
  publisher={Гуманитарная Академия},
  language = {russian}
}

@book{book:yung,
 title={Архетип и символ},
  author={Юнг, Карл Густав},
  editora = {Руткевича А.},
editoratype = {compiler},
  year={2012},
  pagetotal={416},
  series={Страницы мировой философии},
  publisher={Ренессанс},
  language = {russian}
}

@book{book:heizenga,
    author = {Хейзинга, Й.},
    title = {Осень средневековья},
    year = {2002},
    series = {Библиотека истории культуры},
    publisher = {Айрис-Пресс},
    pagetotal = {544},
    language = {russian}
}

@book{book:tamarchenko,
  title={"Эстетика словесного творчества" Бахтина и русская религиозная философия: пособие по спецкурсу},
  author={Тамарченко, Н.Д.},
  lccn={2002425780},
  year={2001},
  publisher={Российский гос. гуманитарный университет},
  language = {russian},
  pagetotal = {200}
}

@online{wiki:symbol,
  author = {Википедия},
  title = {Знак},
  year = {2013},
  url = {http://ru.wikipedia.org/?oldid=55687890},
  urldate = {24-02-2013},
  language = {russian},
}

@article{sirotkin,
  title={Тотальность семиотического знания},
  author={Сироткин, Н.С.},
  journal={Зеленая лампа},
  number={2},
  year={2002},
  language = {russian},
}

@article{gorny,
  title={Что такое семиотика?},
  author={Горный, Евгений},
  journal={Радуга},
  pages={168--175},
  year={1996},
  location={Таллин},
  language = {russian}
}

@inbook{gasparov,
  title={Взгляд из-за угла},
  author={Гаспаров, М.Л.},
  booktitle={Ю.М. Лотман и тартуско-московская семиотическая школа},
  pages={302},
  publisher={Гнозис},
  year={1994},
  language = {russian}
}

@book{lurie,
  title={Язык и сознание},
  author={Лурия, А.Р.},
  publisher={Изд-во МГУ},
  year={1979},
  pagetotal=318,
  language = {russian}
}

@book{arnoldov,
  title={Aбстракция. Философский энциклопедический словарь},
  author={Арнольдов, А.И. and Батунский, М.А. and Межуев, В.М.},
  publisher={Сов. энциклопедия},
  location={М.},
  year={1983}
}

@book{bogomolov,
  title={Античная философия},
  author={Богомолов, Алексей Сергеевич},
  year={1985},
  publisher={Изд-во Моск. ун-та},
  pages = {216}
}

@article{sokolov,
  title={Средневековая философия: учеб. пособие},
  author={Соколов, ВВ},
  journal={М.: Высш. шк},
  year={1979}
}

@misc{gegel,
  title={Энциклопедия философских наук},
  author={Гегель, Г.В.Ф.},
  publisher={Наука логики},
  year = {1975},
  series = {Мысль},
  pages = {216}
}

@article{toporov,
  title={О структуре некоторых архаических текстов, соотносимых с концепцией <<мирового дерева>>},
  author={Топоров, Владимир Николаевич},
  journal={Труды по знаковым системам},
  volume={5},
  pages={9—62},
  publisher = {Издательство Тартуского унивреститета},
  year={1971}
}

@book{lingvo_dictionary,
  title={Лингвистический энциклопедический словарь},
  author={коллектив авторов},
  editor = {В. Н. Ярцевой},
  year={1990},
  publisher={Советская энциклопедия},
  pages = {262—263},
  language = {russian}
}

@book{apresyan,
  title={Лексическая семантика. Синонимические средства языка},
  author={Апресян, Юрий Дереникович},
  year={1974},
  publisher={Наука},
  location={М.},
  pagetotal={368}, 
  language = {russian}
}

@article{artunova,
  title={Логические теории значения},
  author={Арутюнова, Н.Д.},
  journal={Принципы и методы семантических исследований},
  year={1976}
}

@article{liuis,
  title={Виды значений},
  author={Льюис, К},
  journal={Семиотика.},
  year={1983}
}

@article{general_lingvo,
  title={Курс общей лингвистики},
  author={Соссюр, Фердинанд},
  journal={Труды по языкознанию.},
  pages={100--101},
  year={1977}
}

@book{golovanskaya,
  title={Ментальность в зеркале языка. Некоторые базовые концепты в представлении французов и русских},
  author={Голованивская, М.К.},
  series={Язык. Семиотика. Культура},
  publisher={Языки славянской культуры},
  location={М.},
  year={2009},
  pagetotal={376},
  language = {russian}
  
}

@book{ivanov_virtual,
  title={Виртуализация общества. Версия 2.0},
  author={Иванов, Дмитрий Владиславович},
  year={2000},
  publisher={Петербургское Востоковедение},
  location={СПб},
 pagetotal = {224},
 language = {russian}
}

@book{razlogova,
  title={Общая риторика: Пер. с фр},
  author={Дюбуа, Ж. and Эделин, Ф. and Клинкенберг Ж.-М.},
  year={1986},
  publisher={Прогресс},
  location={М.},
  pagetotal = {392},
  language = {russian}
}

@inbook{boyd,
  title={Metaphor and theory change},
  author={Boyd, Richard},
  booktitle={Metaphor and Thought},
  year={1996},
  edition = {2},
  location={Cambridge},
  publisher={Cambridge University Press},
  editor={Ortony A.} 
  language = {english}
}

@article{metaphors,
    author = {Ортега-и-Гассет, X.},
    title = {Две великие метафоры},
    journal = {Теория метафоры},
    year = {1990},
    pages = {77}
}

@article{name_culture,
  title={Миф-имя-культура},
  author={Успенский, Б.А. and Лотман, Ю.М.},
  journal={Успенский, Б.А. Избранные труды},
  volume={1},
  pages = {60},
  year={2004}
}

@article{uspensky,
  title={О вещных коннотациях абстрактных существительных},
  author={Успенский, В.А.},
  journal={Семиотика и информатика},
  volume={11},
  pages={142--148},
  year={1979}
}

@article{bodriyar_society,
  title={Общество потребления. Его мифы и структуры/Пер. с фр., послесл. и примеч. Е.А. Самарской},
  author={Бодрийяр, Ж},
  journal={М.: Республика},
  pages={19--72},
  year={2006}
}

@article{gurevich_history,
  title={Проблема ментальностей в современной историографии},
  author={Гуревич, А.Я.},
  journal={Всеобщая история: дискуссии, новые подходы},
  number={1},
  pages={75--89},
  year={1989}
}

@book{emerson1972self,
  title={Self-reliance},
  author={Emerson, Ralph Waldo and Wulf, Richard},
  year={1972},
  publisher={Nortel}
}

@book{ortera_i_gasset_mass,
  title={Восстание масс: [сборник] },
  author={Ортега-и-Гассет, Х.},
  isbn={9785170077960},
  year={2002},
  publisher={ООО "Издательство АСТ"}
}

@article{freid_mass,
  title={Массовая психология и анализ человеческого <<Я>>/<<Я>> и <<Оно>>},
  author={Фрейд, З.},
  journal={Труды разных лет},
  volume={1},
  pages={71},
  year={1991}
}

@book{ashin,
  title={Доктрина <<массового общества>>.},
  author={Ашин, Геннадий Константинович},
  year={1971},
  publisher={Политиздат},
  pages = {290}
}

@article{flier,
  title={Массовая культура и ее социальные функции},
  author={Флиер, А.Я.},
  journal={Общественные науки и современность},
  volume={998},
  year={1998}
}

@online{prokudin,
    author = {Прокудин В. and Меерсон Б. М.},
    title = {Лекции по истории западной цивилизации ХХ века. Лекция Позднеиндустриальная модернизация, массовое общество. Ч.1},
    url = {http://www.sonoteka.spb.ru},
    language = {russian},
    urldate = {11.03.2013}
}

@article{heveshi,
  title={Массовое общество в XX веке},
  author={Хевеши, МА},
  journal={Социологические исследования},
  number={7},
  pages={3--12},
  year={2001}
}

@book{hevishi2001tolpa,
  title={Толпа, массы, политика: историко-философский очерк},
  author={Хевеши, Мария А},
  year={2001},
  publisher={ИФРАН}
}

@article{streltsov1970,
  title={Теоретические истоки и эволюция концепций <<массового общества>>},
  author={Стрельцов, НН},
  journal={Вопросы философии},
  number={12},
  pages={21--29},
  year={1970}
}

@article{dodonov1999,
  title={Теория ментальности: учение о детерминантах мыслительных автоматизмов},
  author={Додонов, Роман Александрович},
  year={1999}
}

@article{naydof,
  title={К проблеме культурологической терминологии: о механизмах культурной мотивации},
  author={Найдорф, М},
  journal={Вопросы культурологии},
  number={10},
  year={2008},
  publisher={Издательский дом <<Панорама>>}
}

@book{fromm,
  title={Бегство от свободы},
  author={Фромм, Эрих and Гуревич, Павел Семенович and Швейник, ГФ},
  year={1990},
  publisher={Прогресс}
}

@online{ocherki,
    author = {М.И. Найдорф},
    title = {Очерк VI. Массовый человек в массовом обществе},
    url = {https://sites.google.com/site/marknaydorftexts/mass-culture/ocerk-vi},
    urldate = {07.08.2013}
}

@book{pagel2012wired,
  title={Wired for culture: origins of the human social mind},
  author={Pagel, Mark},
  year={2012},
  publisher={WW Norton \& Company},
  language = "english"
}

@book{ormrod1999human,
  title={Human learning (3d ed.)},
  author={Ormrod, Jeanne Ellis},
  year={1999},
  publisher={Prentice Hall},
  language = "english"
}

@book{miller2010theories,
  title={Theories of developmental psychology},
  author={Miller, Patricia H},
  year={2010},
  publisher={Worth Publishers},
  language = "english"
}

@online{online:sociallearning,
    url = {http://explorable.com/social-learning-theory},
    author = {Sarah Mae Sincero},
    urldate = "25.12.2012",
    language = "english"
}

@book{voloshinov1993,
  title={Марксизм и философия языка},
  author={Волошинов, В Н},
  volume={3},
  year={1993},
  publisher={Лабиринт}
}

@book{leontev2005lectures,
  title={Лекции по общей психологии},
  author={Леонтьев, А},
  year={2005},
  publisher={Смысл М}
}

@article{ballestrem1999,
  title={Homo economicus? Образы человека в классическом либерализме},
  author={Баллестрем, КГ},
  journal={Вопросы философии},
  number={4},
  pages={42--53},
  year={1999}
}

@article{bunkina2000,
  title={Экономический человек: В помощь изучающим экономику, психологию, менеджмент: Учеб. пособие},
  author={Бункина, МК and Семенов, АМ},
  journal={М.: Дело},
  year={2000}
}

@article{klein2003,
  title={NO LOGO. Люди против брэндов},
  author={Кляйн, Наоми},
  journal={М.: ООО <<Добрая книга>>},
  year={2003}
}

@book{kuli2000,
  title={Человеческая природа и социаляный порядок},
  author={Кули, Чарляз Хортон and Толстов, АБ},
  year={2000},
  publisher={Идея-Пресс}
}

@article{livshits2001,
  title={Потребление и потребительство},
  author={Лившиц, Рудольф},
  journal={Свободная мысль},
  number={006},
  pages={81--89},
  year={2001},
  publisher={Журналистский коллектив редакции, Центр исследований постиндустриального общества}
}

@misc{markuze1994,
  title={Одномерный человек},
  author={Маркузе, Герберт},
  year={1994},
  publisher={М}
}

@book{maslow2009,
  title={Мотивация и личность},
  author={Маслоу, Абрахам Гарольд},
  year={2009},
  publisher={Издательский дом <<Питер>>}
}

@book{sibruk2005,
  title={Культура маркетинга, маркетинг культуры},
  author={Сибрук, Джон},
  publisher={М.: Изд-во <<Ад Маргинем>>},
  year={2005}
}

@book{fukuyama2004,
  title={Доверие: социальные добродетели и путь к процветанию},
  author={Фукуяма, Фрэнсис and Павлова, Д and Кирющенко, В and Колопотин, М and Травин, Дмитрий},
  year={2004},
  publisher={ООО <<Изд-во АСТ>>}
}

@article{alias2001,
  title={Общество индивидов},
  author={Элиас, Норберт},
  year={2001}
}

@article{pankruhin1991,
  title={Словарь маркетинга},
  author={Панкрухин, АП and Панкрухина, Т},
  journal={М.: <<Инженер>>},
  year={1991}
}

@book{lewis1990studies,
  title={Studies in words},
  author={Lewis, Clive Staples},
  year={1990},
  publisher={Cambridge University Press},
  language = "english"
}

@online{dictionary,
    title = "Dictionary.com",
    url = {http://dictionary.reference.com/},
    urldate = "01.05.2013",
    language = "english"
}

@article{ilyin1996,
  title={Постструктурализм. Деконструктивизм. Постмодернизм},
  author={Ильин, Илья Петрович},
  journal={М.: Интрада},
  volume={255},
  year={1996}
}

@article{kara2000,
  title={Манипуляция сознанием},
  author={Кара-Мурза, Сергей Георгиевич},
  journal={М.: Алгоритм},
  volume={12},
  year={2000}
}

@article{freud1992,
  title={Психоанализ. Религия. Культура},
  author={Фрейд, Зигмунд},
  year={1992},
  publisher={Ренессанс М.}
}

@book{eagleton1991ideology,
  title={Ideology: an introduction},
  author={Eagleton, Terry},
  volume={9},
  year={1991},
  publisher={Cambridge Univ Press},
  language = "english"
}
@book{porshnev1974,
  title={О начале человеческой истории:(проблемы палеопсихологии)},
  author={Поршнев, Борис Федорович and Вите, ОТ},
  year={1974},
  publisher={Мысль}
}

@book{vigotsky1956,
  title={Избранные психологические исследования: Мышление и речь: Проблемы психологического развития ребенка},
  author={Выготский, Лев Семенович},
  year={1956},
  publisher={Изд-во АПН РСФСР}
}

@article{petrovsky1990,
  title={Психология. Словарь/Под общ. Ред. АВ Петровского, МГ Ярошевского.--2-е изд., испр. и доп},
  author={Петровский, АВ and Ярошевский, МГ},
  journal={М.: Политиздат},
  year={1990}
}

@book{porshnev1979,
  title={Социальная психология и история. 2-е дополненное и исправленное издание},
  author={Поршнев, Борис Федорович},
  year={1979},
  publisher={М.: Наука}
}

@article{behterev1898,
  title={Роль внушения в общественной жизни},
  author={Бехтерев, В.М.},
  journal={Обозрение психиатрии и экспериментальной психологии. М},
  number={1},
  pages={3--19},
  year={1898}
}

@article{katernuk2001,
  title={Современные рекламные технологии: коммерческая реклама},
  author={Катернюк, АВ and Марченко, ОГ},
  journal={Ростов-на-Дону: Феникс},
  volume={320},
  year={2001}
}

@online{golova,
    author = "Анна Голова",
    title = "Уловление человеков",
    url = {http://goo.gl/oCQ2S},
    language = "russian",
    urldate = "13.03.2013"
}

@book{gogol2006,
  title={Мертвые души},
  author={Гоголь, Николай Васильевич},
  year={2006},
  publisher={Эксмо}
}

@book{feofanov1987,
  title={Агрессия лжи},
  author={Феофанов, Олег},
  year={1987},
  publisher={Изд-во полит. лит-ры}
}

@book{leontev2012,
  title={Деятельность. Сознание. Личность},
  author={Леонтьев, Анатолий},
  year=2012,
  publisher={Издательство Pubmix. com}
}

@book{saltikov2000,
  title={Мелочи жизни},
  author={Салтыков-Щедрин, Михаил Евграфович},
  year={2000},
  publisher={Минтригхт Инк}
}

@book{ariely2009predictably,
  title={Predictably irrational, revised and expanded edition: The hidden forces that shape our decisions},
  author={Ariely, Dan},
  year={2009},
  publisher={Harper},
  language = "english"
}

@article{dittrich2008upside,
  title={The upside of irrationality: The unexpected benefits of defying logic at work and at home, D. Ariely. HarperCollins, London (2010)},
  author={Dittrich, Dennis AV},
  journal={Journal of Economic Psychology},
  volume={32},
  number={3},
  pages={534--535},
  year={2008},
  publisher={Elsevier},
  language = "english"
}

@book{martin2012,
  title={Вынос мозга. Как маркетологи манипулируют нашим сознанием и заставляют нас покупать то, что им хочется: },
  author={Линдстром, М.},
  isbn={9785916573602},
  url={http://books.google.ru/books?id=dKeEq\_Cxf2AC},
  year={2012},
  publisher={Манн, Иванов и Фербер}
}



@book{lindstrom2010,
  title        = {Buyology: увлекательное путешествие в мозг современного потребителя},
  author       = {Линдстром, М.},
  translator   = {Е. Фалюка},
  publisher    = {Эксмо},
  location     = {М.},
  year         = {2011},
  isbn         = {9785699338498},
  pagetotal    = {240},
  origlanguage = {english},
  language     = {russian}
}

@online{brending,
  media    = {eresource},
  title    = {Как брендируют города},
  url      = {http://www.adme.ru/brending/kak-brendiruyut-goroda-69951},
  date     = {2011-12-13},
  urldate  = {2013-04-02},
  language = {russian}
}

@book{peters1999brand,
  title     = {The Brand You 50: Fifty Ways to Transform Yourself from an <<Employee>> into a Brand That Shouts Distinction, Commitment, and Passion!},
  series    = {Reinventing Work},
  author    = {Peters, Tom},
  year      = {1999},
  publisher = {Knopf},
  isbn      = {9780375407727},
  pagetotal = {224},
  language  = {english}
}

@book{schawbel2009me,
  title     = {Me 2.0: Build a powerful brand to achieve career success},
  author    = {Schawbel, Dan},
  year      = {2009},
  publisher = {Kaplan Publishing},
  isbn      = {9781427798206},
  pagetotal = {256},
  language  = {english}
}

@book{deckers2012branding,
  title     = {Branding yourself: How to use social media to invent or reinvent yourself},
  series    = {Que Biz-Tech},
  author    = {Deckers, Erik and Lacy, Kyle},
  year      = {2012},
  publisher = {Que Publishing},
  isbn      = {9780789749727},
  pagetotal = {400},
  language  = {english}
}

@online{logotipy,
  title    = {Самые дорогие логотипы в мире},
  url      = {http://five.kz/eto-interesno/samye-dorogie-logotipy-v-mire},
  urldate  = {2013-03-10},
  language = {russian}
}

@book{rogers2001marketing,
  title     = {Marketing Strategies, Tactics, and Techniques: A handbook for practitioners},
  author    = {Rogers, Stuart Clark},
  year      = {2001},
  publisher = {Praeger},
  pagetotal = {406},
  isbn      = {9781567204117},
  language  = {english}
}

@book{losev1982,
  title     = {Знак, символ, миф},
  author    = {Лосев, А. Ф.},
  year      = {1982},
  publisher = {Изд-во МГУ},
  location  = {М.},
  pagetotal = {480},
  language  = {russian}
}

@book{jakobson1985,
  title     = {Избранные работы},
  author    = {Якобсон, Роман Иванович},
  editor    = {Звегинцев, В.},
  year      = {1985},
  publisher = {Прогресс},
  location  = {М.},
  pagetotal = {456},
  language  = {russian}
}

@book{kratil2013,
  author    = {Платон},
  title     = {Кратил},
  isbn      = {9785424134647},
  year      = {2011},
  publisher = {Книга по Требованию},
  pagetotal = {52},
  language  = {russian}
}

@book{florensky1995,
  title     = {Иконостас},
  author    = {Флоренский, Павел Александрович},
  year      = {1995},
  publisher = {Искусство},
  location  = {М.},
  pagetotal = {256},
  language  = {russian}
}

@inbook{lihachev1971,
  title     = {Своеобразие композиции древнерусских икон},
  booktitle = {Художественное наследие древней Руси и современность},
  author    = {Лихачева, В. and Лихачев, Д. С.},
  lccn      = {78868840},
  year      = {1971},
  publisher = {Наука},
  pages     = {22--23},
  location  = {Л.},
  language  = {russian}
}

@book{lasarev1986,
  title     = {История византийской живописи},
  author    = {Лазарев, Виктор Никитич},
  volume    = {1},
  year      = {1986},
  publisher = {Искусство},
  location  = {М.},
  pagetotal = {194},
  language  = {russian}
}

@inbook{bichkov1989,
  title     = {Эстетика},
  booktitle = {Культура Византии. Вторая половина VII-XII вв.},
  author    = {Бычков В.В.},
  year      = {1989},
  isbn      = {5020089559},
  publisher = {Наука},
  location  = {М.},
  pages     = {401--469},
  language  = {russian}
}

@book{ginsberg1984supermarket,
  media    = {soundrecording},
  title    = {A supermarket in California},
  author   = {Ginsberg, Allen},
  year     = {1984},
  language = {english}
}

@article{jakobson1983,
  title     = {В поисках сущности языка},
  author    = {Якобсон, Р. В.},
  year      = {1983},
  journal   = {Семиотика},
  publisher = {Радуга},
  location  = {М.},
  pages     = {102--117},
  language  = {russian}
}

@book{eko1998,
  title        = {Отсутствующая структура: Введение в семиологию},
  author       = {Эко, Умберто},
  translator   = {Погоняйло, А. and Резник, В.},
  year         = {1998},
  publisher    = {Петрополис},
  location     = {СПб},
  pagetotal    = {432},
  isbn         = {5890912526},
  origlanguage = {italian},
  language     = {russian}
}

@book{velyanur2006,
  title        = {Рождение разума. Загадки нашего сознания},
  author       = {Рамачандран, Вилейанур С},
  translator   = {Логвинской, А.},
  year         = {2006},
  pagetotal    = {224},
  publisher    = {Олимп-Бизнес},
  location     = {М.},
  isbn         = {5969300225},
  origlanguage = {english},
  language     = {russian}
}

@book{solomonik1995,
  title     = {Семиотика и лингвистика},
  author    = {Соломоник, Абрам},
  year      = {1995},
  publisher = {Молодая гвардия},
  isbn      = {5235022513},
  pagetotal = {352},
  location  = {М.},
  language  = {russian}
}

@book{solomonik2004,
  title     = {Позитивная семиотика. О знаках, знаковых системах и семиотической деятельности},
  author    = {Соломоник, Абрам},
  editor    = {Крейдлина, Г.},
  year      = {2004},
  isbn      = {9854364763},
  publisher = {МЕТ},
  location  = {Минск},
  pagetotal = {192},
  language  = {russian}
}

@book{solomonik2009,
  title     = {Очерк общей семиотики},
  author    = {Соломоник, Абрам},
  isbn      = {9789854365770},
  year      = {2009},
  publisher = {МЕТ},
  location  = {Минск},
  pagetotal = {192},
  language  = {russian}
}

@online{markritson,
  media    = {eresource},
  author   = {Mark Ritson},
  title    = "Mark Ritson on branding: Norse fire smokes out bland brands",
  url      = {http://www.brandrepublic.com/analysis/534969},
  date     = {2006-01-11},
  dateurl  = {2013-04-21},
  language = {english}
}

@article{colapinto2011,
  title    = {Famous Names Does it matter what a product is called?},
  author   = {Colapinto, John},
  journal  = {The New Yorker},
  date     = {2011-10-03},
  page     = {65},
  language = {english}
}

@online{tradetimeline,
  media    = {eresource},
  title    = {U. S. Trademark History Timeline},
  url      = {http://www.lib.utexas.edu/engin/trademark/timeline/tmindex.html},
  urldate  = {2013-01-21},
  language = {english}
}

@book{zapenko2007,
  title     = {Товарный знак в системе брендинга информационных технологий},
  author    = {Цапенко, Анатолий Михайлович and Данилина, Елена Александровна},
  year      = {2007},
  publisher = {Информационно-издательский центр <<Патент>>},
  location  = {М.},
  pagetotal = {64},
  language  = {russian}
}

@book{1994encarta,
  author    = {{Microsoft~Press}},
  title     = {Encarta: multimedia encyclopedia},
  year      = {1994},
  isbn      = {9785550630600},
  language  = {english}
}

@online{digitaltattoo,
  media    = {eresource},
  author   = {Golijan, Rosa},
  title    = "Digital Tattoo Interface Turns Your Skin into a Display",
  url      = {http://gizmodo.com/5401714},
  date     = {2009-10-11},
  urldate  = {2013-04-21},
  language = {english}
}

@online{tedtattoo,
  media    = {eresource},
  author   = {Torgovnick, Kate},
  title    = "Two ways of thinking about social media: digital tattoos and virtual shadows",
  url      = {http://blog.ted.com/2013/05/02/two-ways-of-thinking-about-social-media-digital-tattoos-and-virtual-shadows},
  date     = {2013-05-02},
  urldate  = {2013-05-21},
  language = {english}
}

@article{kotlergrayson,
  title    = {Marketing and Merchandising},
  author   = {Kotler, Philip and Hibbard, Jonathan and Grayson, Kent},
  year     = {1995},
  journal  = {The New Encyclopaedia Britannica},
  volume   = {23},
  pages    = {495--508},
  language = {english}
}

@book{browdy2006,
  title        = {Психические вирусы: как программируют ваше сознание},
  author       = {Броуди, Ричард},
  translator   = {Афанасьевой, Л.},
  publisher    = {Поколение},
  location     = {М.},
  year         = {2006},
  isbn         = {5976300146},
  pagetotal    = {304},
  origlanguage = {english},
  language     = {russian}
}

@article{mesheryakov2004,
  title     = {Я-концепция},
  booktitle = {Большой психологический словарь},
  author    = {Мещеряков, Б. and Зинченко, В.},
  year      = {2004},
  publisher = {Олма-пресс},
  location  = {М.},
  pagetotal = 672,
  isbn      = {9785938782327},
  language  = {russian}
}

@book{lindstrom2011brandwashed,
  title     = {Brandwashed: Tricks companies use to manipulate our minds and persuade us to buy},
  author    = {Lindstrom, Martin},
  year      = {2011},
  publisher = {Crown Business},
  pagetotal = {304},
  isbn      = {9780385531733},
  language  = {english}
}

@book{losev1976,
  title     = {Проблема символа и реалистическое искусство},
  author    = {Лосев, Алексей Федорович},
  year      = {1976},
  publisher = {Искусство},
  location  = {М.},
  pagetotal = {368},
  language  = {russian}
}

@book{elbrunn2003,
  title     = {Логотип},
  series    = {Школа бизнеса},
  author    = {Эльбрюнн, Бенуа},
  year      = {2003},
  publisher = {Нева},
  location  = {СПб},
  pagetotal = {128},
  isbn      = {5765423760},
  language  = {russian}
}

@book{lotman2002,
  author      = {Лотман, Юрий Михайлович},
  title       = {Статьи по семиотике культуры и искусства},
  series      = {Мир искусств},
  foreword    = {С. Даниэля},
  editora     = {Р. Григорьев},
  editoratype = {compiler},
  publisher   = {Академический проект},
  location    = {СПб},
  isbn        = {5733101849},
  year        = {2002},
  language    = {russian}
}

@article{rebekkini2006,
  title        = {Умберто Эко на рубеже веков: от теории к практике (Звезды итальянского интеллектуального небосклона. 1)},
  author       = {Ребеккини, Дамиано},
  translator   = {М. Велижева},
  journal      = {Новое литературное обозрение},
  number       = {4},
  pages        = {291--318},
  year         = {2006},
  publisher    = {TOO~<<Новое литературное обозрение>>},
  origlanguage = {italian},
  language     = {russian}
}

@inbook{eco1986dreaming,
  title     = {Dreaming of the middle ages},
  booktitle = {Travels in Hyperreality},
  author    = {Eco, Umberto},
  pages     = {61--72},
  year      = {1986},
  publisher = {Mariner Books},
  isbn      = {9780156913218},
  language  = {english}
}

@article{eco1986living,
  title     = {Living in the new Middle Ages},
  booktitle = {Travels in Hyperreality},
  author    = {Eco, Umberto},
  pages     = {73--85},
  pages     = {61--72},
  year      = {1986},
  publisher = {Mariner Books},
  isbn      = {9780156913218},
  language  = {english}
}

@article{elistratov2004,
  title    = {О <<медиевизме>> современной рекламы},
  author   = {Елистратов, В. С.},
  journal  = {Вестник МГУ. Сер. 19. Лингвистика и межкультурная коммуникация},
  number   = {1},
  pages    = {64--71},
  year     = {2004},
  language = {russian}
}

@article{bergelson2002,
  title    = {Языковые аспекты виртуальной коммуникации},
  author   = {Бергельсон, М. Б.},
  journal  = {Вестник МГУ. Сер. 19. Лингвистика и межкультурная коммуникаци},
  number   = {1},
  pages    = {55--67},
  year     = {2002},
  language = {russian}
}

@article{yule1996pragmatics,
  title={Pragmatics},
  author={Yule, G},
  journal={Oxford Un. Press},
  pagetotal={150},
  pages={49},
  year={1996},
  isbn = {9780194372077},
  language = "english"
}

@book{mcraney2011you,
  title={You are Not So Smart: Why You Have Too Many Friends on Facebook, why Your Memory is Mostly Fiction, and 46 Other Ways You're Deluding Yourself},
  author={McRaney, David},
  year={2011},
  pagetotal = {320},
  edition = {Reprint},
  isbn = {9781592407361},
  publisher={Gotham Books},
  language = "english"
}

@book{raigorodski2001,
  title={Реклама: внушение и манипуляция. Медиа-ориентированный подход},
  author={Райгородский, Д.Я.},
  year={2007},
  isbn = {5946480529},
  publisher={Бахрах-М},
  language = {russian},
  pagetotal = {752}
}

@article{melnik2001,
  title={Психологические эффекты СМИ},
  author={Мельник, Г.С.},
  location = {Самара},
  journal={Реклама: внушение и манипуляции},
  publisher = {Бахрах-М},
  pages={25},
  year={2001},
  language = {russian}
}

@article{elistratov2012,
  title={Массовая культура: жрецы, певцы и бренды},
  author={Елистратов, Владимир},
  journal={Нева},
  number={2},
  year={2012},
  language = {russian}
}

@book{razlogov2005,
  title={Теоретическая культурология},
  author={Разлогов, К.Э.},
  pages={624},
  year={2005},
  isbn = {5886871586},
  location = {М.},
  publisher={Академический проект; РИК},
  language = {russian}
  }

  @article{levada2001,
  title={Общественное мнение у горизонта столетий},
  author={Левада, Юрий},
  journal={Неприкосновенный запас},
  number={1},
  year={2001},
  language = {russian}
}

@book{ilin2010,
  title={Субъект в массовой культуре современного общества потребления (на материале китч-культуры)},
  author={Ильин, А.Н.},
  location = {Омск},
  isbn = {9785904947156},
  publisher={Амфора},
  pagetotal={376},
  year={2010},
  language = {russian}
}

@article{kagan2007,
  title={Культурология},
  author={Каган, М.С. and Солонин, Ю.Н.},
  publisher = {Юрайт},
  series = {Основы наук},
  isbn = {9785969210202},
  location = {М.},
  pagetotal={568},
  year={2011},
  language = {russian}
}

@THESIS{sokolov2002,
  title={Аналитика массовой культуры},
  author={Соколов, Е.Г.},
  major = {Теория и история культуры},
  majorcode = {24.00.01},
  media = {text},
  type = {phdthesis},
  journal={Дисс.... д-ра филос. наук. СПб},
  year={2002},
  pagetotal = {321},
  language = {russian}
}

@book{edoshina2000,
  title={Культурология: Основные понятия. Адаптированный словарь для студентов},
  author={Едошина, И.А. and Бондарев, В.А.},
  location ={Кострома},
  publisher = {Из-во КГУ им Н.А. Некрасова},
  year={2000},
  pagetotal = {52},
  language = {russian}
}

@book{levit1998,
  title={Культурология XX век. Энциклопедия},
  author={Левит, C.},
  publisher = {Алтея, Университетская книга},
  isbn = {5791400292},
  volume = {2},
  pages={446},
  year={1998},
  language = {russian}
}

@article{milnikov1996,
  title={О менталитете русской культуры: моноцентризм или полицентризм},
  author={Мыльников, А. С.},
  journal={Гуманитарий: Ежегодник. СПб},
  number={1},
  year={1996},
  language = {russian}
}

@article{sanjeeva2011,
  title={Менталитет как конструкция модели мира},
  author={Санжеева, Лариса Васильевна},
  journal={Исторические, философские, политические и юридические науки, культурология и искусствоведение. Вопросы теории и практики},
  year={2011},
  publisher={ООО Изд-во "Грамота"},
  language = {russian}
}

@article{sharte2004,
  title={Интеллектуальная история и история ментальностей: двойная переоценка?},
  author={Шартье, Р.},
  translator = {Мовниной, Н.},
  journal={Новое литературное обозрение: Теория и история литературы, критика и библиография},
  number={66},
  pages={17-47},
  year={2004},
language = {russian},
origlanguage = {english}
 }

@book{macdonald2011,
  title={Masscult and Midcult: Essays Against the American Grain},
  author={Macdonald, Dwight},
  publisher={NYRB Classics},
  editor = {Summers, John},
  year={2011},
  pagetotal={320},
  isbn = {9781590174470},
  series = {New York Review Books Classics},
  language = "english"
}

@book{leavis1930,
  title={Mass civilization and minority culture},
  author={Leavis, Frank Raymond},
  year={1930},
  location = {Cambridge},
  publisher={Minority Press},
  language = "english"
 }

 @book{eliot2010,
  title={Notes towards a Definition of Culture},
  author={Eliot, T.S.},
  year={1973},
isbn = {9780571063130},
  pagetotal = {128},
  publisher={Faber \& Faber},
  language = "english"
}

@book{williams1989,
  title={Resources of hope: Culture, democracy, socialism},
  author={Williams, Raymond and Gable, Robin},
  year={1989},
  publisher={Verso London},
  pages={358},
  language = "english"
}
@book{williams1985,
  title={Keywords: A vocabulary of culture and society},
  author={Williams, Raymond},
  year={1985},
  publisher={Oxford University Press},
  edition = {Rev Sub},
  location = {USA},
  isbn = {9780195204698},
  pagetotal={352},
  language = "english"
}

@book{williams2006,
  title={Culture and Materialism},
  author={Williams, Raymond},
  year={2006},
  publisher={Verso},
  series = {Radical Thinkers},
  isbn = {9781844670604},
  pages={288},
  language = "english"
}

@book{karasik2011,
  title={Рекламный дискурс и рекламный текст: коллективная монография},
  author={Карасик, В.Н.},
  editor={Колокольцева, Т.Н.},
  year={2011},
  location={М.},
  publisher={Флинта, Наука},
  isbn = {9785976511125},
  pagetotal={296},
  language = {russian}
}
@book{simonov1987,
  title={Мотивированный мозг},
  author={Симонов, П.В.},
  year={1987},
  location = {М.},
  publisher={Наука},
  pagetotal={272},
  language = {russian}
}

@article{lebedev2012,
  title={Визуализация счастья в обществе потребления},
  author={Лебедев, Н.А.},
  journal={Актуальные проблемы современного российского общества: традиции и новации: сб. науч. ст.},
  pages={176},
  year={2012}
 }

  @book{macluan2011,
  title={Понимание медиа: внешние расширения человека},
  author={Маклюэн, Маршалл},
  translator = {Николаева, В.},
  location = {М.},
 publisher={Кучково поле},
  year={2011},
   pagetotal={464},
   isbn = {9785995001157},
   language = {russian},
  origlanguage = {english}
}

@article{lebedev2013logos,
  title={Типизация логоса в логотипе},
  author={Лебедев, Н.А.},
  journal={Вестник КГУ им. Н.А. Некрасова},
  number={1},
  year={2013},
  language = {russian}
 }

 @inbook{logotype,
    title = {Logotype},
  booktitle  = {Oxford English Dictionary},
  language = "english"
}

  @book{evami2009,
  title={Logo. Создание логотипов.
Самые современные разработки},
  author={Эвами, Майкл},
  translator = {Шацков, А.},
  location = {СПб},
publisher={Питер},
  year={2009},
   pagetotal={352},
  origlanguage = {english},
  isbn = {9781856695282},
  language = {russian}
}

@book{clifton2009,
  title={Brands and branding},
  author={Clifton, Rita},
  year={2009},
  publisher={Bloomberg Press},
  edition = {2},
  isbn = {9781576603505},
  pagetotal={284},
  language = "english"
}

@book{eiri2011,
  title={Логотип и фирменный стиль. Руководство дизайнера},
  author={Эйри, Дэвид},
  translator = {Шрага, В.},
  location = {СПб},
  publisher ={Питер},
  year={2011},
  isbn = {9780321660763},
  pages={208},
  pagetotal = {216},
  language = {russian},
  origlanguage = {english}
}

@book{designing2009,
  title={Designing Brand Identity: An Essential Guide for the Whole Branding Team},
  author={Wheeler, A.},
  year={2009},
  publisher={Wiley},
  edition =  {3},
  pagetotal={320},
  isbn = {9780470401422},
  language = "english"
}
@book{werkman1986,
  title        ={Товарные знаки: создание, психология, восприятие},
  author       ={Веркман, Каспер Дж.},
  location     = {М.},
 publisher     ={Прогресс},
  year         ={1986},
  pagetotal    = {520},
  translator   = {Боброва В. and Ивановой О. and Столпер Р.},
  language     = {russian},
  origlanguage = {english}
}

@book{serov2005,
  title={Графика современного знака},
 author={Серов, С. И.},
  location = {М.},
 publisher={Линия График},
  year={2005},
  pagetotal={408},
  language = {russian}
}

@online{pantuhinaAM,
    media = {eresource},
    author = {Пантюхина, А.М.},
    title = {Товарный знак. Экономические и правовые аспекты},
    date = {2002-06-20},
    url = {http://www.marketing.spb.ru/lib-comm/trademark_econom.htm?printversion},
    language = {russian},
    urldate = {03.03.2013}
}

@book{chertov1993,
  title={Знаковость: опыт теоретического синтеза
идей о знаковом способе информационной связи},
  author={Чертов, Леонид Файбышевич},
  year={1993},
  pages={388},
  publisher={Изд-во Санкт-Петербургского университета},
  isbn = {528801342Х},
  language = {russian}
}

@inbook{zukarro1981,
  title={Идея скульпторов, живописцев и архитекторов},
  booktitle = {Эстетика Реннесанса. В двух томах},
  volume = {2},
  author={Цукарро, Ф.},
  publisher={Искусство},
  address={М.},
  year={1981},
  pagetotal = {640},
  language = {russian}
}

@article{leontevan1967,
  title={Борьба за проблему сознания в становлении советской психологии},
  author={Леонтьев, А.Н.},
  journal={Вопросы психологии},
  number={2},
  year={1967},
  pages={14-22},
  language = {russian}
 }

@book{leontevan1975,
  title={Деятельность. Сознание. Личность},
  author={Леонтьев, А.Н.},
  year={2005},
  publisher={Смысл, Академия},
  isbn = {5893571533},
  pagetotal = {352},
  series = {Классическая учебная книга},
  language = {russian}
}

@inbook{leontevan1983,
  title={Образ мира},
  booktitle = {Избр. психолог. произведения},
  author={Леонтьев, А.Н.},
  year={1983},
  location = {М.},
  publisher={Педагогика},
  pages={251--261},
  language = {russian}
}

 @inbook{vigotski1982,
  title = {Проблема сознания},
  booktitle = {Собрание сочинений в шести томах},
  author={Выготский, Л. C.},
  location = {М.},
  year={1982},
  publisher = {Педагогика},
  pagetotal = {488},
  volume = {1},
  pages = {158},
  language = {russian}
}

 @book{leontevaa2001,
  title={Деятельный ум (Деятельность. Знак. Личность)},
  author={Леонтьев, Алексей Алексеевич},
  year={2001},
  location = {М.},
  publisher={Смысл},
  series = {Фундаментальная психология},
  pages={384},
  isbn = {5893571061},
  language = {russian}
}
