@article{book:konradova,
  title        = {Китч: не-искусство не-элиты},
  author       = {Кондрадова, Н. А.},
  journaltitle = {Общественные науки и современность},
  number       = 005,
  pages        = {181--191},
  year         = 2000,
  publisher    = {Наука}
}

@online{link:logolounge2012,
  title        = {2012 Logo Trends},
  author       = {Gardner, Bill},
  year         = 2012,
  url          = {http://www.logolounge.com/article/2012logotrends},
  urldate      = {2012-04-24},
  language     = "english"
}

@online{link:logolounge2013,
  title        = {2013 Logo Trends},
  author       = {Gardner, Bill},
  year         = 2013,
  url          = {http://www.logolounge.com/article/2013logotrends},
  urldate      = {2013-03-20},
  language     = "english"
}

@article{book:dinni,
  title        = {Брендинг территорий},
  author       = {Динни, К},
  journaltitle = {Лучшие мировые практики.},
  year         = {2013},
  location     = {М.},
  publisher    = {{\guillemotleft}Манн, Иванов и Фербер}
}

@book{book:gordon,
  title     = {Книга про буквы: от Аа до Яя},
  author    = {Гордон, Юрий},
  year      = {2013},
  edition   = {2-е изд., испр. и доп.},
  location  = {M.},
  publisher = {Издательство Студии Артемия Лебедева}
}

@book{kemp2011christ,
  title     = {Christ to Coke: How Image Becomes Icon},
  author    = {Kemp, M.},
  isbn      = {9780199581115},
  lccn      = {2011276380},
  year      = {2011},
  publisher = {OUP Oxford}
}

@online{link:gelman,
  title        = {Ворота в город},
  author       = {Гельман, М.},
  date         = {2011-08-11},
  url          = {http://maratguelman.livejournal.com/1188474.html},
  urldate      = {2013-02-17},
  language     = "russian"
}

@online{link:lebedev,
  title        = {Вот только в Портленд возвратиться нам не придется никогда},
  author       = {Лебедев, А.},
  date         = {2013-02-15},
  url          = {http://tema.livejournal.com/1337638.html},
  urldate      = {2013-03-04},
  language     = "russian"
}

@online{link:plushev,
  title        = {Интервью с Артемием Лебедевым},
  author       = {Плюшев, А.},
  date         = {2009-11-07},
  url          = {http://plushev.com/2009/11/08/6146/},
  urldate      = {2013-05-03},
  language     = "russian"
}

@article{entin2000,
  title        = {Теория заговоров и конспиративистский менталитет},
  author       = {Энтин, {Дж}.},
  journalname  = {Новая и новейшая история},
  number       = {01},
  year         = {2000},
  url          = {http://vivovoco.rsl.ru/VV/PAPERS/ECCE/CONSP.HTM},
  urldate      = {2013-05-11},
  language     = "russian"
}
