@book{warhol2002,
  title      = {Философия Энди Уорхола (от А к Б и наоборот)},
  author     = {Уорхол, Энди},
  translator = {Северской, Г.},
  publisher  = {Д. Аронов},
  location   = {M.},
  year       = {2002},
  isbn       = {5940560067},
  pagetotal  = {224},
  language   = {russian}
}

@book{chaplin2005,
  title     = {Charlie Chaplin: Interviews},
  author    = {Chaplin, C. and Hayes, K. J.},
  series    = {Conversations With Filmmakers},
  year      = {2005},
  publisher = {University Press of Mississippi},
  pagetotal = {150},
  isbn      = {9781578067022},
  language  = {english}
}
